@book{gar72,
  title={Integer programming},
  author={Garfinkel, Robert S and Nemhauser, George L},
  volume={4},
  year={1972},
  publisher={Wiley New York}
}

@article{pya,
  title={A hybrid algorithm for the unbounded knapsack problem},
  author={Poirriez, Vincent and Yanev, Nicola and Andonov, Rumen},
  journal={Discrete Optimization},
  volume={6},
  number={1},
  pages={110--124},
  year={2009},
  publisher={Elsevier}
}

@article{eduk,
  title={Unbounded knapsack problem: Dynamic programming revisited},
  author={Andonov, Rumen and Poirriez, Vincent and Rajopadhye, Sanjay},
  journal={European Journal of Operational Research},
  volume={123},
  number={2},
  pages={394--407},
  year={2000},
  publisher={Elsevier}
}

@inproceedings{survey2014,
  title={Bin Packing and Cutting Stock Problems: Mathematical Models and Exact Algorithms},
  author={Delorme, Maxence and Iori, Manuel and Martello, Silvano},
  booktitle={DECISION MODELS for SMARTER CITIES},
  year={2014}
}

@article{gg-1,
  title={A linear programming approach to the cutting-stock problem},
  author={Gilmore, Paul C and Gomory, Ralph E},
  journal={Operations research},
  volume={9},
  number={6},
  pages={849--859},
  year={1961},
  publisher={INFORMS}
}

@article{gg-2,
  title={A linear programming approach to the cutting stock problem-Part II},
  author={Gilmore, Paul C and Gomory, Ralph E},
  journal={Operations research},
  volume={11},
  number={6},
  pages={863--888},
  year={1963},
  publisher={INFORMS}
}

@article{belov,
  title={A branch-and-cut-and-price algorithm for one-dimensional stock cutting and two-dimensional two-stage cutting},
  author={Belov, Gleb and Scheithauer, Guntram},
  journal={European journal of operational research},
  volume={171},
  number={1},
  pages={85--106},
  year={2006},
  publisher={Elsevier}
}

@techreport{tchu,
  title={Integer programming and network flows},
  author={Hu, Te C},
  year={1969},
  institution={DTIC Document}
}

@article{mtu2,
  title={An exact algorithm for large unbounded knapsack problems},
  author={Martello, Silvano and Toth, Paolo},
  journal={Operations research letters},
  volume={9},
  number={1},
  pages={15--20},
  year={1990},
  publisher={Elsevier}
}

@inproceedings{parallellUKP,
  title={An Evaluation of Parallel Knapsack Algorithms on Multicore Architectures},
  author={Rashid, Hammad and Novoa, Clara and Qasem, Apan},
  booktitle={CSC},
  pages={230--235},
  year={2010}
}

@article{badbound1,
  title={A constructive periodicity bound for the unbounded knapsack problem},
  author={Huang, Ping H and Tang, Kwei},
  journal={Operations Research Letters},
  volume={40},
  number={5},
  pages={329--331},
  year={2012},
  publisher={Elsevier}
}


@article{badbound2,
  title={Two Topics in Dominance Relations for the Unbounded Knapsack Problem},
  author={Iida, Hiroshi},
  journal={The Open Applied Mathematics Journal},
  volume={2},
  number={1},
  pages={16--19},
  year={2008}
}


@article{,
  title={A constructive periodicity bound for the unbounded knapsack problem},
  author={Huang, Ping H and Tang, Kwei},
  journal={Operations Research Letters},
  volume={40},
  number={5},
  pages={329--331},
  year={2012},
  publisher={Elsevier}
}

@article{pisinger1995,
  title={Algorithms for knapsack problems},
  author={Pisinger, David},
  year={1995},
  publisher={Citeseer}
}

