@book{algorithmdesign,
  title={Algorithm design},
  author={Kleinberg, Jon and Tardos, {\'E}va},
  year={2006},
  publisher={Pearson Education India}
}

