@book{gar72,
  title={Integer programming},
  author={Garfinkel, Robert S and Nemhauser, George L},
  volume={4},
  year={1972},
  publisher={Wiley New York}
}

@article{poirriez2009hybrid,
  title={A hybrid algorithm for the unbounded knapsack problem},
  author={Poirriez, Vincent and Yanev, Nicola and Andonov, Rumen},
  journal={Discrete Optimization},
  volume={6},
  number={1},
  pages={110--124},
  year={2009},
  publisher={Elsevier}
}

@article{andonov2000unbounded,
  title={Unbounded knapsack problem: Dynamic programming revisited},
  author={Andonov, Rumen and Poirriez, Vincent and Rajopadhye, Sanjay},
  journal={European Journal of Operational Research},
  volume={123},
  number={2},
  pages={394--407},
  year={2000},
  publisher={Elsevier}
}

@inproceedings{survey2014,
  title={Bin Packing and Cutting Stock Problems: Mathematical Models and Exact Algorithms},
  author={Delorme, Maxence and Iori, Manuel and Martello, Silvano},
  booktitle={DECISION MODELS for SMARTER CITIES},
  year={2014}
}

@article{gg-1,
  title={A linear programming approach to the cutting-stock problem},
  author={Gilmore, Paul C and Gomory, Ralph E},
  journal={Operations research},
  volume={9},
  number={6},
  pages={849--859},
  year={1961},
  publisher={INFORMS}
}

@article{gg-2,
  title={A linear programming approach to the cutting stock problem-Part II},
  author={Gilmore, Paul C and Gomory, Ralph E},
  journal={Operations research},
  volume={11},
  number={6},
  pages={863--888},
  year={1963},
  publisher={INFORMS}
}

@article{belov,
  title={A branch-and-cut-and-price algorithm for one-dimensional stock cutting and two-dimensional two-stage cutting},
  author={Belov, Gleb and Scheithauer, Guntram},
  journal={European journal of operational research},
  volume={171},
  number={1},
  pages={85--106},
  year={2006},
  publisher={Elsevier}
}

