@article{pyasukp,
  title={A hybrid algorithm for the unbounded knapsack problem},
  author={Poirriez, Vincent and Yanev, Nicola and Andonov, Rumen},
  journal={Discrete Optimization},
  volume={6},
  number={1},
  pages={110--124},
  year={2009},
  publisher={Elsevier}
}

