@techreport{landa_sage,
  author = {Leo Landa},
  title = {Sage Algorithms for Knapsack Problem},
  institution = {University of California at San Diego},
  year = {2004},
  number = {CS2004-0794},
  address = {9500 Gilman Drive, La Jolla, CA 92093-0021},
  month = {June},
  url = {http://csetechrep.ucsd.edu/Dienst/UI/2.0/Describe/ncstrl.ucsd_cse/CS2004-0794}
}

@inproceedings{ukp_hu_landa_shing_survey,
  author = {Hu, T. C. AND Landa, Leo AND Shing, Man-Tak},
  title = {The Unbounded Knapsack Problem},
  booktitle = {Research Trends in Combinatorial Optimization},
  year = {2009},
  editor = {Cook, W. AND Lovász, L. AND Vygen, J.},
  doi = {10.1007/978-3-540-76796-1_10},
  isbn = {978-3-540-76796-1},
  pages = {201 -- 217},
  publisher = {Springer, Berlin, Heidelberg}
}

@misc{gurobi,
  author = "Gurobi Optimization, LLC",
  title = "Gurobi Optimizer Reference Manual",
  year = 2018,
  url = "http://www.gurobi.com"
}

@misc{cplex,
  author = "IBM Corp.",
  title = "CPLEX User’s Manual",
  year = 2018,
  url = "https://www.ibm.com/analytics/cplex-optimizer"
}

@Article{Delorme2018,
  author="Delorme, Maxence and Iori, Manuel and Martello, Silvano",
  title="BPPLIB: a library for bin packing and cutting stock problems",
  journal="Optimization Letters",
  year="2018",
  month="Mar",
  day="01",
  volume="12",
  number="2",
  pages="235--250",
  issn="1862-4480",
  doi="10.1007/s11590-017-1192-z",
  url="https://doi.org/10.1007/s11590-017-1192-z"
}

@techreport{eq_lb_delorme,
  author = {Delorme, Maxence and Iori, Manuel},
  title = "Enhanced Pseudo-Polynomial Formulations for Bin Packing and Cutting Stock Problems",
  url = "http://www.optimization-online.org/DB_HTML/2017/10/6270.html",
  year = 2017,
  month = oct,
  institution = "Optimization Online",
  file = "http://www.optimization-online.org/DB_FILE/2017/10/6270.pdf"
}

@article{survey2014,
  title = "Bin packing and cutting stock problems: Mathematical models and exact algorithms",
  journal = "European Journal of Operational Research",
  volume = "255",
  number = "1",
  pages = "1 - 20",
  year = "2016",
  issn = "0377-2217",
  doi = "https://doi.org/10.1016/j.ejor.2016.04.030",
  url = "http://www.sciencedirect.com/science/article/pii/S0377221716302491",
  author = "Maxence Delorme and Manuel Iori and Silvano Martello",
  keywords = "Bin packing, Cutting stock, Exact algorithms, Computational evaluation"
}

@article{gg-66,
  title={The theory and computation of knapsack functions},
  author={Gilmore, Paul C and Gomory, Ralph E},
  journal={Operations Research},
  volume={14},
  number={6},
  pages={1045--1074},
  year={1966},
  publisher={INFORMS},
  doi={10.1287/opre.14.6.1045}
}

@article{zhu_dominated,
  title={On dominated terms in the general knapsack problem},
  author={Zhu, Nan and Broughan, Kevin},
  journal={Operations Research Letters},
  volume={21},
  number={1},
  pages={31--37},
  year={1997},
  publisher={Elsevier},
  doi={10.1016/S0167-6377(97)00018-7}
}

@article{core_problem,
  title={An algorithm for large zero-one knapsack problems},
  author={Balas, Egon and Zemel, Eitan},
  journal={operations Research},
  volume={28},
  number={5},
  pages={1130--1154},
  year={1980},
  publisher={INFORMS}
}

@book{garfinkel,
  title={Integer programming},
  author={Garfinkel, Robert S and Nemhauser, George L},
  volume={4},
  year={1972},
  publisher={Wiley New York}
}

@article{pya,
  title={A hybrid algorithm for the unbounded knapsack problem},
  author={Poirriez, Vincent and Yanev, Nicola and Andonov, Rumen},
  journal={Discrete Optimization},
  volume={6},
  number={1},
  pages={110--124},
  year={2009},
  publisher={Elsevier},
  doi={10.1016/j.disopt.2008.09.004}
}

@article{eduk,
  title={Unbounded knapsack problem: Dynamic programming revisited},
  author={Andonov, Rumen and Poirriez, Vincent and Rajopadhye, Sanjay},
  journal={European Journal of Operational Research},
  volume={123},
  number={2},
  pages={394--407},
  year={2000},
  publisher={Elsevier},
  doi = {10.1016/S0377-2217(99)00265-9}
}

@book{book_ukp_2004,
  title={Knapsack problems},
  author={Hans Kellerer and Ulrich Pferschy and David Pisinger},
  year={2004},
  publisher={Spinger-Verlag, Berlin},
  doi={10.1007/978-3-540-24777-7}
}

@article{belov,
  title={A branch-and-cut-and-price algorithm for one-dimensional stock cutting and two-dimensional two-stage cutting},
  author={Belov, Gleb and Scheithauer, Guntram},
  journal={European journal of operational research},
  volume={171},
  number={1},
  pages={85--106},
  year={2006},
  publisher={Elsevier}
}

@article{glover1969integer,
  title={Integer programming over a finite additive group},
  author={Glover, Fred},
  journal={SIAM Journal on control},
  volume={7},
  number={2},
  pages={213--231},
  year={1969},
  publisher={SIAM}
}

@online{diophantine,
  author   = {Weisstein, Eric W.},
  title    = {Diophantine Equation},
  subtitle = {From MathWorld--A Wolfram Web Resource},
  note     = {Visited on 15/11/2016},
  year     = {2016},
  url      = {http://mathworld.wolfram.com/DiophantineEquation.html},
}

@inproceedings{ukp_new_results,
  title={Unbounded knapsack problem: new results},
  author={Poirriez, Vincent and Andonov, Rumen},
  booktitle={Workshop},
  pages={103--111},
  year={1998}
}

@article{babayev,
  title={A new knapsack solution approach by integer equivalent aggregation and consistency determination},
  author={Babayev, Djangir A and Glover, Fred and Ryan, Jennifer},
  journal={INFORMS Journal on Computing},
  volume={9},
  number={1},
  pages={43--50},
  year={1997},
  publisher={INFORMS},
  doi = {10.1287/ijoc.9.1.43}
}

@article{chung_hard,
  title={A hard knapsack problem},
  author={Chung, Chia-Shin and Hung, Ming S and Rom, Walter O},
  journal={Naval Research Logistics (NRL)},
  volume={35},
  number={1},
  pages={85--98},
  year={1988},
  publisher={Wiley Online Library}
}

@article{davids_guide,
  title={A theoretician’s guide to the experimental analysis of algorithms},
  author={Johnson, David S},
  journal={Data structures, near neighbor searches, and methodology: fifth and sixth DIMACS implementation challenges},
  volume={59},
  pages={215--250},
  year={2002}
}

@book{pisinger1994dominance,
  title={Dominance relations in unbounded knapsack problems. DIKU report 94/33},
  author={Pisinger, David},
  year={1994},
  publisher={DIKU}
}

@inproceedings{algo_tech_cut,
  title={A sparse knapsack algo-tech-cuit and its synthesis},
  author={Andonov, Rumen and Rajopadhye, Sanjay},
  booktitle={International Conference on Application Specific Array Processors, 1994. },
  pages={302--313},
  year={1994},
  organization={IEEE},
  doi = {10.1109/ASAP.1994.331794}
}

@article{portable_rng,
  title={Should we use a portable generator in an emergency?},
  author={Degraeve, Zeger and Schrage, Linus},
  year={1997},
  publisher={KU Leuven}
}

@techreport{tchu,
  title={Integer programming and network flows},
  author={Hu, Te C},
  year={1969},
  institution={DTIC Document}
}

@article{mtu2,
  title={An exact algorithm for large unbounded knapsack problems},
  author={Martello, Silvano and Toth, Paolo},
  journal={Operations research letters},
  volume={9},
  number={1},
  pages={15--20},
  year={1990},
  publisher={Elsevier},
  doi={10.1016/0167-6377(90)90035-4}
}

@article{mtu1,
  title={Branch-and-bound algorithms for the solution of the general unidimensional knapsack problem},
  author={Martello, Silvano and Toth, Paolo},
  journal={Advances in Operations Research, North-Holland, Amsterdam},
  pages={295--301},
  year={1977}
}

@article{on_equivalent_greenberg,
  title={On equivalent knapsack problems},
  author={Greenberg, H},
  journal={Discrete applied mathematics},
  volume={14},
  number={3},
  pages={263--268},
  year={1986},
  publisher={Elsevier},
  doi={10.1016/0166-218X(86)90030-2}
}

@article{DP_inequalities,
  title={Dynamic-Programming-Based Inequalities for the Unbounded Integer Knapsack Problem},
  author={He, Xueqi and Hartman, Joseph C and Pardalos, Panos M},
  journal={Informatica},
  volume={27},
  number={2},
  pages={433--450},
  year={2016},
  publisher={Vilnius University Institute of Mathematics and Informatics}
}

@article{humans_solve_complex,
  title={How Humans Solve Complex Problems: The Case of the Knapsack Problem},
  author={Murawski, Carsten and Bossaerts, Peter},
  journal={Scientific Reports},
  volume={6},
  year={2016},
  publisher={Nature Publishing Group}
}

@book{martello_book,
  title={Knapsack problems: algorithms and computer implementations},
  author={Martello, Silvano and Toth, Paolo},
  year={1990},
  publisher={John Wiley \& Sons, Inc.}
}

@article{green_improv,
  title={A better step-off algorithm for the knapsack problem},
  author={Greenberg, Harold and Feldman, Israel},
  journal={Discrete Applied Mathematics},
  volume={2},
  number={1},
  pages={21--25},
  year={1980},
  publisher={Elsevier},
  doi={10.1016/0166-218X(80)90051-7}
}

@article{pisinger_thesis,
  title={Algorithms for knapsack problems},
  author={Pisinger, David},
  year={1995},
  publisher={Citeseer}
}


@inproceedings{parallellUKP,
  title={An Evaluation of Parallel Knapsack Algorithms on Multicore Architectures},
  author={Rashid, Hammad and Novoa, Clara and Qasem, Apan},
  booktitle={CSC},
  pages={230--235},
  year={2010}
}

@article{badbound1,
  title={A constructive periodicity bound for the unbounded knapsack problem},
  author={Huang, Ping H and Tang, Kwei},
  journal={Operations Research Letters},
  volume={40},
  number={5},
  pages={329--331},
  year={2012},
  publisher={Elsevier}
}


@article{badbound2,
  title={Two Topics in Dominance Relations for the Unbounded Knapsack Problem},
  author={Iida, Hiroshi},
  journal={The Open Applied Mathematics Journal},
  volume={2},
  number={1},
  pages={16--19},
  year={2008}
}


@article{,
  title={A constructive periodicity bound for the unbounded knapsack problem},
  author={Huang, Ping H and Tang, Kwei},
  journal={Operations Research Letters},
  volume={40},
  number={5},
  pages={329--331},
  year={2012},
  publisher={Elsevier}
}

@article{where_hard,
  title={Where are the hard knapsack problems?},
  author={Pisinger, David},
  journal={Computers \& Operations Research},
  volume={32},
  number={9},
  pages={2271--2284},
  year={2005},
  publisher={Elsevier}
}

@article{cabot,
  title={An enumeration algorithm for knapsack problems},
  author={Cabot, A Victor},
  journal={Operations Research},
  volume={18},
  number={2},
  pages={306--311},
  year={1970},
  publisher={INFORMS},
  doi={10.1287/opre.18.2.306}
}

@inproceedings{sea2016,
  title={{UKP5}: A New Algorithm for the Unbounded Knapsack Problem},
  author={Becker, Henrique and Buriol, Luciana S},
  booktitle={International Symposium on Experimental Algorithms},
  pages={50--62},
  year={2016},
  organization={Springer},
  doi = {10.1007/978-3-319-38851-9_4}
}

@article{gg-61,
  title={A linear programming approach to the cutting-stock problem},
  author={Gilmore, Paul C and Gomory, Ralph E},
  journal={Operations research},
  volume={9},
  number={6},
  pages={849--859},
  year={1961},
  publisher={INFORMS},
  doi = {10.1287/opre.9.6.849}
}

@article{gg-63,
  title={A linear programming approach to the cutting stock problem -- Part {II}},
  author={Gilmore, Paul C and Gomory, Ralph E},
  journal={Operations research},
  volume={11},
  number={6},
  pages={863--888},
  year={1963},
  publisher={INFORMS},
  doi={10.1287/opre.11.6.863}
}

@article{turnpike,
  title={A finite renewal algorithm for the knapsack and turnpike models},
  author={Shapiro, Jeremy F and Wagner, Harvey M},
  journal={Operations Research},
  volume={15},
  number={2},
  pages={319--341},
  year={1967},
  publisher={INFORMS},
  doi={10.1287/opre.15.2.319}
}

@article{partial_sort_martello,
  title={A hybrid algorithm for finding the kth smallest of n elements in O(n) time},
  author={Fischetti, Matteo and Martello, Silvano},
  journal={Annals of Operations Research},
  volume={13},
  number={1},
  pages={399--419},
  year={1988},
  publisher={Springer},
  doi={10.1007/BF02288326}
}

@mastersthesis{ukp_hb_mastersthesis,
  author  = {Becker, Henrique},
  title   = {The Unbounded Knapsack Problem: a critical review},
  school  = {Federal University of Rio Grande do Sul},
  year    = 2017,
  url     = {http://hdl.handle.net/10183/163413},
  month   = 3
}

@article{irnich,
  title={Dual inequalities for stabilized column generation revisited},
  author={Gschwind, Timo and Irnich, Stefan},
  journal={INFORMS Journal on Computing},
  volume={28},
  number={1},
  pages={175--194},
  year={2016},
  publisher={INFORMS},
  doi={10.1287/ijoc.2015.0670}
}

