@inproceedings{becker2016ukp5,
  title={{UKP5}: A New Algorithm for the Unbounded Knapsack Problem},
  author={Becker, Henrique and Buriol, Luciana S},
  booktitle={International Symposium on Experimental Algorithms},
  pages={50--62},
  year={2016},
  organization={Springer}
}

@book{gar72,
  title={Integer programming},
  author={Garfinkel, Robert S and Nemhauser, George L},
  volume={4},
  year={1972},
  publisher={Wiley New York}
}

@article{pya,
  title={A hybrid algorithm for the unbounded knapsack problem},
  author={Poirriez, Vincent and Yanev, Nicola and Andonov, Rumen},
  journal={Discrete Optimization},
  volume={6},
  number={1},
  pages={110--124},
  year={2009},
  publisher={Elsevier}
}

@article{eduk,
  title={Unbounded knapsack problem: Dynamic programming revisited},
  author={Andonov, Rumen and Poirriez, Vincent and Rajopadhye, Sanjay},
  journal={European Journal of Operational Research},
  volume={123},
  number={2},
  pages={394--407},
  year={2000},
  publisher={Elsevier}
}

@techreport{tchu,
  title={Integer programming and network flows},
  author={Hu, Te C},
  year={1969},
  institution={DTIC Document}
}

@article{mtu2,
  title={An exact algorithm for large unbounded knapsack problems},
  author={Martello, Silvano and Toth, Paolo},
  journal={Operations research letters},
  volume={9},
  number={1},
  pages={15--20},
  year={1990},
  publisher={Elsevier}
}

@article{gg66,
  title={The theory and computation of knapsack functions},
  author={Gilmore, PC and Gomory, RE},
  journal={Operations Research},
  volume={14},
  number={6},
  pages={1045--1074},
  year={1966},
  publisher={INFORMS}
}

@article{greenberg_improved_ukp5,
  title={A better step-off algorithm for the knapsack problem},
  author={Greenberg, Harold and Feldman, Israel},
  journal={Discrete Applied Mathematics},
  volume={2},
  number={1},
  pages={21--25},
  year={1980},
  publisher={Elsevier}
}

@article{greenberg_2,
  title={On equivalent knapsack problems},
  author={Greenberg, H},
  journal={Discrete applied mathematics},
  volume={14},
  number={3},
  pages={263--268},
  year={1986},
  publisher={Elsevier}
}

@article{mtu1,
  title={Branch-and-bound algorithms for the solution of the general unidimensional knapsack problem},
  author={Martello, Silvano and Toth, Paolo},
  journal={Advances in Operations Research, North-Holland, Amsterdam},
  pages={295--301},
  year={1977}
}

@article{gg63-bb,
  title={A linear programming approach to the cutting stock problem-Part II},
  author={Gilmore, Paul C and Gomory, Ralph E},
  journal={Operations research},
  volume={11},
  number={6},
  pages={863--888},
  year={1963},
  publisher={INFORMS}
}

@article{chung,
  title={A hard knapsack problem},
  author={Chung, Chia-Shin and Hung, Ming S and Rom, Walter O},
  journal={Naval Research Logistics (NRL)},
  volume={35},
  number={1},
  pages={85--98},
  year={1988},
  publisher={Wiley Online Library}
}


@book{knapsackproblems2004,
  title={Knapsack Problems},
  author={Kellerer, Hans and Pferschy, Ulrich and Pisinger, David},
  year={2004},
  publisher={Springer Science \& Business Media}
}
