@article{laporte_vehicle_1992,
	title = {The vehicle routing problem: {An} overview of exact and approximate algorithms},
	volume = {59},
	issn = {0377-2217},
	shorttitle = {The vehicle routing problem},
	url = {http://www.sciencedirect.com/science/article/pii/037722179290192C},
	doi = {10.1016/0377-2217(92)90192-C},
	number = {3},
	urldate = {2016-08-15},
	journal = {European Journal of Operational Research},
	author = {Laporte, Gilbert},
	month = jun,
	year = {1992},
	pages = {345--358},
}

@incollection{labadie_vehicle_2012,
	title = {Vehicle {Routing} {Nowadays}: {Compact} {Review} and {Emerging} {Problems}},
	copyright = {©2012 Springer-Verlag Berlin Heidelberg},
	isbn = {978-3-642-26003-2 978-3-642-26004-9},
	shorttitle = {Vehicle {Routing} {Nowadays}},
	url = {http://link.springer.com/chapter/10.1007/978-3-642-26004-9_8},
	language = {en},
	urldate = {2016-08-15},
	booktitle = {Production {Systems} and {Supply} {Chain} {Management} in {Emerging} {Countries}: {Best} {Practices}},
	publisher = {Springer Berlin Heidelberg},
	author = {Labadie, Nacima and Prins, Christian},
	editor = {Mejía, Gonzalo and Velasco, Nubia},
	year = {2012},
	note = {DOI: 10.1007/978-3-642-26004-9\_8},
	pages = {141--166},
}

@phdthesis{fernando_bombardelli_da_silva_solving,
	title = {Solving the {Dial}-a-{Ride} {Problem} with the {Firefly} {Metaheuristic}},
	school = {Universidade Federal do Rio Grande do Sul},
	author = {FERNANDO BOMBARDELLI DA SILVA},
}

@misc{rodrigues_de_almeida_sistema,
	title = {{SISTEMA} {DE} {TRANSPORTE} {DE} {FUNCIONÁRIOS} {DA} {PETROBRAS}},
	author = {Rodrigues de Almeida, Mayron and Novis Mendonça, Pierre},
}

@article{cordeau_dial_ride_2007,
	title = {The dial-a-ride problem: models and algorithms},
	volume = {153},
	issn = {0254-5330, 1572-9338},
	shorttitle = {The dial-a-ride problem},
	url = {http://link.springer.com/article/10.1007/s10479-007-0170-8},
	doi = {10.1007/s10479-007-0170-8},
	language = {en},
	number = {1},
	urldate = {2016-08-16},
	journal = {Annals of Operations Research},
	author = {Cordeau, Jean-François and Laporte, Gilbert},
	month = may,
	year = {2007},
	pages = {29--46},
}

@article{attanasio_parallel_2004,
	title = {Parallel {Tabu} search heuristics for the dynamic multi-vehicle dial-a-ride problem},
	volume = {30},
	issn = {0167-8191},
	url = {http://www.sciencedirect.com/science/article/pii/S0167819104000043},
	doi = {10.1016/j.parco.2003.12.001},
	number = {3},
	urldate = {2016-08-17},
	journal = {Parallel Computing},
	author = {Attanasio, Andrea and Cordeau, Jean-François and Ghiani, Gianpaolo and Laporte, Gilbert},
	month = mar,
	year = {2004},
	pages = {377--387},
}

@article{psaraftis_dynamic_1980,
	title = {A {Dynamic} {Programming} {Solution} to the {Single} {Vehicle} {Many}-to-{Many} {Immediate} {Request} {Dial}-a-{Ride} {Problem}},
	volume = {14},
	issn = {0041-1655},
	url = {http://pubsonline.informs.org/doi/abs/10.1287/trsc.14.2.130},
	doi = {10.1287/trsc.14.2.130},
	number = {2},
	urldate = {2016-08-17},
	journal = {Transportation Science},
	author = {Psaraftis, Harilaos N.},
	month = may,
	year = {1980},
	pages = {130--154},
}

@article{cordeau_tabu_2003,
	title = {A tabu search heuristic for the static multi-vehicle dial-a-ride problem},
	volume = {37},
	issn = {0191-2615},
	url = {http://www.sciencedirect.com/science/article/pii/S0191261502000450},
	doi = {10.1016/S0191-2615(02)00045-0},
	number = {6},
	urldate = {2016-08-17},
	journal = {Transportation Research Part B: Methodological},
	author = {Cordeau, Jean-François and Laporte, Gilbert},
	month = jul,
	year = {2003},
	pages = {579--594},
}

@article{jaw_heuristic_1986,
	title = {A heuristic algorithm for the multi-vehicle advance request dial-a-ride problem with time windows},
	volume = {20},
	issn = {0191-2615},
	url = {http://www.sciencedirect.com/science/article/pii/0191261586900202},
	doi = {10.1016/0191-2615(86)90020-2},
	number = {3},
	urldate = {2016-08-17},
	journal = {Transportation Research Part B: Methodological},
	author = {Jaw, Jang-Jei and Odoni, Amedeo R. and Psaraftis, Harilaos N. and Wilson, Nigel H. M.},
	month = jun,
	year = {1986},
	pages = {243--257},
}

@article{madsen_heuristic_????,
	title = {A heuristic algorithm for a dial-a-ride problem with time windows, multiple capacities, and multiple objectives},
	volume = {60},
	issn = {0254-5330, 1572-9338},
	url = {http://link.springer.com/article/10.1007/BF02031946},
	doi = {10.1007/BF02031946},
	language = {en},
	number = {1},
	urldate = {2016-08-17},
	journal = {Annals of Operations Research},
	author = {Madsen, Oli B. G. and Ravn, Hans F. and Rygaard, Jens Moberg},
	pages = {193--208},
}

@article{psaraftis_exact_1983,
	title = {An {Exact} {Algorithm} for the {Single} {Vehicle} {Many}-to-{Many} {Dial}-{A}-{Ride} {Problem} with {Time} {Windows}},
	volume = {17},
	issn = {0041-1655},
	url = {http://pubsonline.informs.org/doi/abs/10.1287/trsc.17.3.351},
	doi = {10.1287/trsc.17.3.351},
	number = {3},
	urldate = {2016-08-17},
	journal = {Transportation Science},
	author = {Psaraftis, Harilaos N.},
	month = aug,
	year = {1983},
	pages = {351--357},
}

@article{desrosiers_dynamic_1986,
	title = {A {Dynamic} {Programming} {Solution} of the {Large}-{Scale} {Single}-{Vehicle} {Dial}-{A}-{Ride} {Problem} with {Time} {Windows}},
	volume = {6},
	issn = {0196-6324},
	url = {http://dx.doi.org/10.1080/01966324.1986.10737198},
	doi = {10.1080/01966324.1986.10737198},
	number = {3-4},
	urldate = {2016-08-17},
	journal = {American Journal of Mathematical and Management Sciences},
	author = {Desrosiers, Jacques and Dumas, Yvan and Soumis, François},
	month = feb,
	year = {1986},
	pages = {301--325},
}

@article{dial_autonomous_1995,
	title = {Autonomous dial-a-ride transit introductory overview},
	volume = {3},
	issn = {0968-090X},
	url = {http://www.sciencedirect.com/science/article/pii/0968090X9500010G},
	doi = {10.1016/0968-090X(95)00010-G},
	number = {5},
	urldate = {2016-08-17},
	journal = {Transportation Research Part C: Emerging Technologies},
	author = {Dial, Robert B.},
	month = oct,
	year = {1995},
	pages = {261--275},
}

@article{cordeau_survey_2002,
	title = {The {Dial}-a-{Ride} {Problem} ({DARP}): {Variants}, modeling issues and algorithms},
	volume = {1},
	issn = {1619-4500},
	shorttitle = {The {Dial}-a-{Ride} {Problem} ({DARP})},
	url = {http://link.springer.com/article/10.1007/s10288-002-0009-8},
	doi = {10.1007/s10288-002-0009-8},
	language = {en},
	number = {2},
	urldate = {2016-08-17},
	journal = {Quarterly Journal of the Belgian, French and Italian Operations Research Societies},
	author = {Cordeau, Jean-François and Laporte, Gilbert},
	month = aug,
	year = {2002},
	pages = {89--101},
}

@article{liu_branch-and-cut_2015,
	title = {A branch-and-cut algorithm for a realistic dial-a-ride problem},
	volume = {81, Part 1},
	issn = {0191-2615},
	url = {http://www.sciencedirect.com/science/article/pii/S0191261515001113},
	doi = {10.1016/j.trb.2015.05.009},
	urldate = {2016-08-23},
	journal = {Transportation Research Part B: Methodological},
	author = {Liu, Mengyang and Luo, Zhixing and Lim, Andrew},
	month = nov,
	year = {2015},
	pages = {267--288},
}

@article{muelas_distributed_2015,
	title = {A distributed {VNS} algorithm for optimizing dial-a-ride problems in large-scale scenarios},
	volume = {54},
	issn = {0968-090X},
	url = {http://www.sciencedirect.com/science/article/pii/S0968090X15000790},
	doi = {10.1016/j.trc.2015.02.024},
	urldate = {2016-08-23},
	journal = {Transportation Research Part C: Emerging Technologies},
	author = {Muelas, Santiago and LaTorre, Antonio and Peña, José-María},
	month = may,
	year = {2015},
	pages = {110--130},
}

@article{sayarshad_scalable_2015,
	series = {Optimization of {Urban} {Transportation} {Service} {NetworksOptimization} of {Urban} {Transportation} {Service} {Networks}},
	title = {A scalable non-myopic dynamic dial-a-ride and pricing problem},
	volume = {81, Part 2},
	issn = {0191-2615},
	url = {http://www.sciencedirect.com/science/article/pii/S019126151500137X},
	doi = {10.1016/j.trb.2015.06.008},
	urldate = {2016-08-23},
	journal = {Transportation Research Part B: Methodological},
	author = {Sayarshad, Hamid R. and Chow, Joseph Y. J.},
	month = nov,
	year = {2015},
	pages = {539--554},
}

@article{pimenta_models,
	title = {Models and algorithms for reliability-oriented {Dial}-a-{Ride} with autonomous electric vehicles},
	issn = {0377-2217},
	url = {http://www.sciencedirect.com/science/article/pii/S0377221716305744},
	doi = {10.1016/j.ejor.2016.07.037},
	urldate = {2016-08-23},
	journal = {European Journal of Operational Research},
	author = {Pimenta, Victor and Quilliot, Alain and Toussaint, Hélène and Vigo, Daniele},
}

@article{ritzinger_dynamic_2014,
	title = {Dynamic programming based metaheuristics for the dial-a-ride problem},
	volume = {236},
	issn = {0254-5330, 1572-9338},
	url = {http://link.springer.com/article/10.1007/s10479-014-1605-7},
	doi = {10.1007/s10479-014-1605-7},
	language = {en},
	number = {2},
	urldate = {2016-08-23},
	journal = {Annals of Operations Research},
	author = {Ritzinger, Ulrike and Puchinger, Jakob and Hartl, Richard F.},
	month = may,
	year = {2014},
	pages = {341--358},
}

@article{markovic_optimizing_2015,
	series = {Engineering and {Applied} {Sciences} {Optimization} ({OPT}-i) - {Professor} {Matthew} {G}. {Karlaftis} {Memorial} {Issue}},
	title = {Optimizing dial-a-ride services in {Maryland}: {Benefits} of computerized routing and scheduling},
	volume = {55},
	issn = {0968-090X},
	shorttitle = {Optimizing dial-a-ride services in {Maryland}},
	url = {http://www.sciencedirect.com/science/article/pii/S0968090X15000133},
	doi = {10.1016/j.trc.2015.01.011},
	urldate = {2016-08-23},
	journal = {Transportation Research Part C: Emerging Technologies},
	author = {Marković, Nikola and Nair, Rahul and Schonfeld, Paul and Miller-Hooks, Elise and Mohebbi, Matthew},
	month = jun,
	year = {2015},
	pages = {156--165},
}

@inproceedings{osaba_asymmetric_2015,
	title = {An {Asymmetric} {Multiple} {Traveling} {Salesman} {Problem} with {Backhauls} to solve a {Dial}-a-{Ride} problem},
	doi = {10.1109/SAMI.2015.7061865},
	booktitle = {2015 {IEEE} 13th {International} {Symposium} on {Applied} {Machine} {Intelligence} and {Informatics} ({SAMI})},
	author = {Osaba, E. and Onieva, E. and Diaz, F. and Carballedo, R. and Lopez, P. and Perallos, A.},
	month = jan,
	year = {2015},
	pages = {151--156},
}

@article{santos_taxi_2015,
	title = {Taxi and {Ride} {Sharing}: {A} {Dynamic} {Dial}-a-{Ride} {Problem} with {Money} as an {Incentive}},
	volume = {42},
	issn = {0957-4174},
	shorttitle = {Taxi and {Ride} {Sharing}},
	url = {http://www.sciencedirect.com/science/article/pii/S0957417415003024},
	doi = {10.1016/j.eswa.2015.04.060},
	number = {19},
	urldate = {2016-08-23},
	journal = {Expert Systems with Applications},
	author = {Santos, Douglas O. and Xavier, Eduardo C.},
	month = nov,
	year = {2015},
	pages = {6728--6737},
}

@article{molenbruch_multi-directional_2017,
	title = {Multi-directional local search for a bi-objective dial-a-ride problem in patient transportation},
	volume = {77},
	issn = {0305-0548},
	url = {http://www.sciencedirect.com/science/article/pii/S0305054816301861},
	doi = {10.1016/j.cor.2016.07.020},
	urldate = {2016-08-23},
	journal = {Computers \& Operations Research},
	author = {Molenbruch, Yves and Braekers, Kris and Caris, An and Vanden Berghe, Greet},
	month = jan,
	year = {2017},
	pages = {58--71},
}

@article{chassaing_els-based_2016,
	title = {An {ELS}-based approach with dynamic probabilities management in local search for the {Dial}-{A}-{Ride} {Problem}},
	volume = {48},
	issn = {0952-1976},
	url = {http://www.sciencedirect.com/science/article/pii/S0952197615002171},
	doi = {10.1016/j.engappai.2015.10.002},
	urldate = {2016-08-23},
	journal = {Engineering Applications of Artificial Intelligence},
	author = {Chassaing, M. and Duhamel, C. and Lacomme, P.},
	month = feb,
	year = {2016},
	pages = {119--133},
}

@article{zhang_memetic_2015,
	title = {A memetic algorithm for the patient transportation problem},
	volume = {54},
	issn = {0305-0483},
	url = {http://www.sciencedirect.com/science/article/pii/S0305048315000134},
	doi = {10.1016/j.omega.2015.01.011},
	urldate = {2016-08-23},
	journal = {Omega},
	author = {Zhang, Zhenzhen and Liu, Mengyang and Lim, Andrew},
	month = jul,
	year = {2015},
	pages = {60--71},
}

@article{ioachim_request_1995,
	title = {A {Request} {Clustering} {Algorithm} for {Door}-to-{Door} {Handicapped} {Transportation}},
	volume = {29},
	issn = {0041-1655},
	url = {http://pubsonline.informs.org/doi/abs/10.1287/trsc.29.1.63},
	doi = {10.1287/trsc.29.1.63},
	number = {1},
	urldate = {2016-08-24},
	journal = {Transportation Science},
	author = {Ioachim, Irina and Desrosiers, Jacques and Dumas, Yvan and Solomon, Marius M. and Villeneuve, Daniel},
	month = feb,
	year = {1995},
	pages = {63--78},
}

@article{paquette_quality_2009,
	title = {Quality of service in dial-a-ride operations},
	volume = {56},
	issn = {0360-8352},
	url = {http://www.sciencedirect.com/science/article/pii/S0360835208001368},
	doi = {10.1016/j.cie.2008.07.005},
	number = {4},
	urldate = {2016-08-24},
	journal = {Computers \& Industrial Engineering},
	author = {Paquette, Julie and Cordeau, Jean-François and Laporte, Gilbert},
	month = may,
	year = {2009},
	pages = {1721--1734},
}

@article{paquette_measuring_2011,
	title = {Measuring quality of service in dial-a-ride operations: the case of a {Canadian} city},
	volume = {39},
	issn = {0049-4488, 1572-9435},
	shorttitle = {Measuring quality of service in dial-a-ride operations},
	url = {http://link.springer.com/article/10.1007/s11116-011-9375-4},
	doi = {10.1007/s11116-011-9375-4},
	language = {en},
	number = {3},
	urldate = {2016-08-24},
	journal = {Transportation},
	author = {Paquette, Julie and Bellavance, François and Cordeau, Jean-François and Laporte, Gilbert},
	month = oct,
	year = {2011},
	pages = {539--564},
}

@article{braekers_exact_2014,
	title = {Exact and meta-heuristic approach for a general heterogeneous dial-a-ride problem with multiple depots},
	volume = {67},
	issn = {0191-2615},
	url = {http://www.sciencedirect.com/science/article/pii/S0191261514000800},
	doi = {10.1016/j.trb.2014.05.007},
	urldate = {2016-08-24},
	journal = {Transportation Research Part B: Methodological},
	author = {Braekers, Kris and Caris, An and Janssens, Gerrit K.},
	month = sep,
	year = {2014},
	pages = {166--186},
}

@article{parragh_hybrid_2013,
	title = {Hybrid column generation and large neighborhood search for the dial-a-ride problem},
	volume = {40},
	issn = {0305-0548},
	url = {http://www.sciencedirect.com/science/article/pii/S0305054812001694},
	doi = {10.1016/j.cor.2012.08.004},
	number = {1},
	urldate = {2016-08-24},
	journal = {Computers \& Operations Research},
	author = {Parragh, Sophie N. and Schmid, Verena},
	month = jan,
	year = {2013},
	pages = {490--497},
}

@article{parragh_variable_2010,
	title = {Variable neighborhood search for the dial-a-ride problem},
	volume = {37},
	issn = {0305-0548},
	url = {http://www.sciencedirect.com/science/article/pii/S030505480900241X},
	doi = {10.1016/j.cor.2009.10.003},
	number = {6},
	urldate = {2016-08-24},
	journal = {Computers \& Operations Research},
	author = {Parragh, Sophie N. and Doerner, Karl F. and Hartl, Richard F.},
	month = jun,
	year = {2010},
	pages = {1129--1138},
}

@incollection{parragh_demand_2010,
	title = {Demand {Responsive} {Transportation}},
	copyright = {Copyright © 2010 John Wiley \& Sons, Inc. All rights reserved.},
	isbn = {978-0-470-40053-1},
	url = {http://onlinelibrary.wiley.com/doi/10.1002/9780470400531.eorms0243/abstract},
	language = {en},
	urldate = {2016-08-24},
	booktitle = {Wiley {Encyclopedia} of {Operations} {Research} and {Management} {Science}},
	publisher = {John Wiley \& Sons, Inc.},
	author = {Parragh, Sophie N. and Doerner, Karl F. and Hartl, Richard F. and Cochran, James J. and Cox, Louis A. and Keskinocak, Pinar and Kharoufeh, Jeffrey P. and Smith, J. Cole},
	year = {2010},
}

@article{parragh_models_2010,
	title = {Models and algorithms for the heterogeneous dial-a-ride problem with driver-related constraints},
	volume = {34},
	issn = {0171-6468, 1436-6304},
	url = {http://link.springer.com/article/10.1007/s00291-010-0229-9},
	doi = {10.1007/s00291-010-0229-9},
	language = {en},
	number = {3},
	urldate = {2016-08-24},
	journal = {OR Spectrum},
	author = {Parragh, Sophie N. and Cordeau, Jean-François and Doerner, Karl F. and Hartl, Richard F.},
	month = nov,
	year = {2010},
	pages = {593--633},
}

@article{parragh_survey_2008,
	title = {A survey on pickup and delivery problems},
	volume = {58},
	issn = {0344-9327, 1614-631X},
	url = {http://link.springer.com/article/10.1007/s11301-008-0033-7},
	doi = {10.1007/s11301-008-0033-7},
	language = {en},
	number = {1},
	urldate = {2016-08-24},
	journal = {Journal für Betriebswirtschaft},
	author = {Parragh, Sophie N. and Doerner, Karl F. and Hartl, Richard F.},
	month = mar,
	year = {2008},
	pages = {21--51},
}

@article{parragh_introducing_2011,
	series = {Freight {Transportation} and {Logistics} (selected papers from {ODYSSEUS} 2009 - the 4th {International} {Workshop} on {Freight} {Transportation} and {Logistics})},
	title = {Introducing heterogeneous users and vehicles into models and algorithms for the dial-a-ride problem},
	volume = {19},
	issn = {0968-090X},
	url = {http://www.sciencedirect.com/science/article/pii/S0968090X10001075},
	doi = {10.1016/j.trc.2010.06.002},
	number = {5},
	urldate = {2016-08-24},
	journal = {Transportation Research Part C: Emerging Technologies},
	author = {Parragh, Sophie N.},
	month = aug,
	year = {2011},
	pages = {912--930},
}

@article{gschwind_effective_2014,
	title = {Effective {Handling} of {Dynamic} {Time} {Windows} and {Its} {Application} to {Solving} the {Dial}-a-{Ride} {Problem}},
	volume = {49},
	issn = {0041-1655},
	url = {http://pubsonline.informs.org/doi/abs/10.1287/trsc.2014.0531},
	doi = {10.1287/trsc.2014.0531},
	number = {2},
	urldate = {2016-08-24},
	journal = {Transportation Science},
	author = {Gschwind, Timo and Irnich, Stefan},
	month = sep,
	year = {2014},
	pages = {335--354},
}

@article{berbeglia_static_2007,
	title = {Static pickup and delivery problems: a classification scheme and survey},
	volume = {15},
	issn = {1134-5764, 1863-8279},
	shorttitle = {Static pickup and delivery problems},
	url = {http://link.springer.com/article/10.1007/s11750-007-0009-0},
	doi = {10.1007/s11750-007-0009-0},
	language = {en},
	number = {1},
	urldate = {2016-08-25},
	journal = {TOP},
	author = {Berbeglia, Gerardo and Cordeau, Jean-François and Gribkovskaia, Irina and Laporte, Gilbert},
	month = apr,
	year = {2007},
	pages = {1--31},
}

@article{ropke_models_2007,
	title = {Models and branch-and-cut algorithms for pickup and delivery problems with time windows},
	volume = {49},
	issn = {1097-0037},
	url = {http://onlinelibrary.wiley.com/doi/10.1002/net.20177/abstract},
	doi = {10.1002/net.20177},
	language = {en},
	number = {4},
	urldate = {2016-08-25},
	journal = {Networks},
	author = {Ropke, Stefan and Cordeau, Jean-François and Laporte, Gilbert},
	month = jul,
	year = {2007},
	pages = {258--272},
}
