@book{garfinkel,
  title={Integer programming},
  author={Garfinkel, Robert S and Nemhauser, George L},
  volume={4},
  year={1972},
  publisher={Wiley New York}
}

